@inproceedings{zheng2021rethinking,
  title={Rethinking semantic segmentation from a sequence-to-sequence perspective with transformers},
  author={Zheng, Sixiao and Lu, Jiachen and Zhao, Hengshuang and Zhu, Xiatian and Luo, Zekun and Wang, Yabiao and Fu, Yanwei and Feng, Jianfeng and Xiang, Tao and Torr, Philip HS and others},
  booktitle={Proceedings of the IEEE/CVF conference on computer vision and pattern recognition},
  pages={6881--6890},
  year={2021}
}

@inproceedings{ronneberger2015u,
  title={U-net: Convolutional networks for biomedical image segmentation},
  author={Ronneberger, Olaf and Fischer, Philipp and Brox, Thomas},
  booktitle={Medical image computing and computer-assisted intervention--MICCAI 2015: 18th international conference, Munich, Germany, October 5-9, 2015, proceedings, part III 18},
  pages={234--241},
  year={2015},
  organization={Springer}
}

@book{nelson2020dynamical,
  title={Dynamical theories of Brownian motion},
  author={Nelson, Edward},
  volume={101},
  year={2020},
  publisher={Princeton university press}
}

@inproceedings{schrodinger1932theorie,
  title={Sur la théorie relativiste de l'électron et l'interprétation de la mécanique quantique},
  author={Schrödinger, Erwin},
  booktitle={Annales de l'institut Henri Poincaré},
  volume={2},
  number={4},
  pages={269--310},
  year={1932}
}

@book{rudin1987functional,
  title={Functional Analysis},
  author={Rudin, Walter},
  year={1987},
  publisher={McGraw-Hill Science, Engineering \& Mathematics},
  edition={2nd},
  address={New York, NY}
}


@book{cohn2013measure,
  title={Measure theory},
  author={Cohn, Donald L},
  volume={5},
  year={2013},
  publisher={Springer}
}

@article{tancik2020fourier,
  title={Fourier features let networks learn high frequency functions in low dimensional domains},
  author={Tancik, Matthew and Srinivasan, Pratul and Mildenhall, Ben and Fridovich-Keil, Sara and Raghavan, Nithin and Singhal, Utkarsh and Ramamoorthi, Ravi and Barron, Jonathan and Ng, Ren},
  journal={Advances in neural information processing systems},
  volume={33},
  pages={7537--7547},
  year={2020}
}

@inproceedings{radford2021learning,
  title={Learning transferable visual models from natural language supervision},
  author={Radford, Alec and Kim, Jong Wook and Hallacy, Chris and Ramesh, Aditya and Goh, Gabriel and Agarwal, Sandhini and Sastry, Girish and Askell, Amanda and Mishkin, Pamela and Clark, Jack and others},
  booktitle={International conference on machine learning},
  pages={8748--8763},
  year={2021},
  organization={PMLR}
}

@inproceedings{he2022masked,
  title={Masked autoencoders are scalable vision learners},
  author={He, Kaiming and Chen, Xinlei and Xie, Saining and Li, Yanghao and Doll{\'a}r, Piotr and Girshick, Ross},
  booktitle={Proceedings of the IEEE/CVF conference on computer vision and pattern recognition},
  pages={16000--16009},
  year={2022}
}

@article{cho2014learning,
  title={Learning phrase representations using RNN encoder-decoder for statistical machine translation},
  author={Cho, Kyunghyun and Van Merrienboer, Bart and Gulcehre, Caglar and Bahdanau, Dzmitry and Bougares, Fethi and Schwenk, Holger and Bengio, Yoshua},
  journal={arXiv preprint arXiv:1406.1078},
  year={2014}
}

@article{kazemnejad2019pencoding,
  title   = "Transformer Architecture: The Positional Encoding",
  author  = "Kazemnejad, Amirhossein",
  journal = "kazemnejad.com",
  year    = "2019",
  url     = "https://kazemnejad.com/blog/transformer_architecture_positional_encoding/"
}

@inproceedings{gehring2017convolutional,
  title={Convolutional sequence to sequence learning},
  author={Gehring, Jonas and Auli, Michael and Grangier, David and Yarats, Denis and Dauphin, Yann N},
  booktitle={International conference on machine learning},
  pages={1243--1252},
  year={2017},
  organization={PMLR}
}

@article{shackel2007bertrand,
  title={Bertrand's paradox and the principle of indifference},
  author={Shackel, Nicholas},
  journal={Philosophy of Science},
  volume={74},
  number={2},
  pages={150--175},
  year={2007},
  publisher={Cambridge University Press}
}

@inproceedings{kirillov2023segment,
  title={Segment anything},
  author={Kirillov, Alexander and Mintun, Eric and Ravi, Nikhila and Mao, Hanzi and Rolland, Chloe and Gustafson, Laura and Xiao, Tete and Whitehead, Spencer and Berg, Alexander C and Lo, Wan-Yen and others},
  booktitle={Proceedings of the IEEE/CVF International Conference on Computer Vision},
  pages={4015--4026},
  year={2023}
}
@book{vitali1905sul,
  title={Sul problema della misura dei Gruppi di punti di una retta: Nota},
  author={Vitali, Giuseppe},
  year={1905},
  publisher={Tip. Gamberini e Parmeggiani}
}

@article{xie2021segformer,
  title={SegFormer: Simple and efficient design for semantic segmentation with transformers},
  author={Xie, Enze and Wang, Wenhai and Yu, Zhiding and Anandkumar, Anima and Alvarez, Jose M and Luo, Ping},
  journal={Advances in neural information processing systems},
  volume={34},
  pages={12077--12090},
  year={2021}
}

@book{zhang2023dive,
    title={Dive into Deep Learning},
    author={Zhang, Aston and Lipton, Zachary C. and Li, Mu and Smola, Alexander J.},
    publisher={Cambridge University Press},
    note={\url{https://D2L.ai}},
    year={2023}
}

@book{kolmogorov2018foundations,
  title={Foundations of the theory of probability: Second English Edition},
  author={Kolmogorov},
  publisher={Courier Dover Publications}
}

@article{mcculloch1943logical,
  title={A logical calculus of the ideas immanent in nervous activity},
  author={McCulloch, Warren S and Pitts, Walter},
  journal={The bulletin of mathematical biophysics},
  volume={5},
  pages={115--133},
  year={1943},
  publisher={Springer}
}

@article{dosovitskiy2020image,
  title={An image is worth 16x16 words: Transformers for image recognition at scale},
  author={Dosovitskiy, Alexey and Beyer, Lucas and Kolesnikov, Alexander and Weissenborn, Dirk and Zhai, Xiaohua and Unterthiner, Thomas and Dehghani, Mostafa and Minderer, Matthias and Heigold, Georg and Gelly, Sylvain and others},
  journal={arXiv preprint arXiv:2010.11929},
  year={2020}
}

@article{rumelhart1986learning,
  title={Learning representations by back-propagating errors},
  author={Rumelhart, David E and Hinton, Geoffrey E and Williams, Ronald J},
  journal={nature},
  volume={323},
  number={6088},
  pages={533--536},
  year={1986},
  publisher={Nature Publishing Group UK London}
}

@article{hyvarinen2005estimation,
  title={Estimation of non-normalized statistical models by score matching.},
  author={Hyv{\"a}rinen, Aapo and Dayan, Peter},
  journal={Journal of Machine Learning Research},
  volume={6},
  number={4},
  year={2005}
}

@article{sutskever2014sequence,
  title={Sequence to sequence learning with neural networks},
  author={Sutskever, Ilya and Vinyals, Oriol and Le, Quoc V},
  journal={Advances in neural information processing systems},
  volume={27},
  year={2014}
}

@article{vaswani2017attention,
  title={Attention is all you need},
  author={Vaswani, Ashish and Shazeer, Noam and Parmar, Niki and Uszkoreit, Jakob and Jones, Llion and Gomez, Aidan N and Kaiser, {\L}ukasz and Polosukhin, Illia},
  journal={Advances in neural information processing systems},
  volume={30},
  year={2017}
}

@inproceedings{pennington2014glove,
  title={Glove: Global vectors for word representation},
  author={Pennington, Jeffrey and Socher, Richard and Manning, Christopher D},
  booktitle={Proceedings of the 2014 conference on empirical methods in natural language processing (EMNLP)},
  pages={1532--1543},
  year={2014}
}

@article{song2019generative,
  title={Generative modeling by estimating gradients of the data distribution},
  author={Song, Yang and Ermon, Stefano},
  journal={Advances in neural information processing systems},
  volume={32},
  year={2019}
}

@article{kadian2021robust,
  title={Robust digital watermarking techniques for copyright protection of digital data: A survey},
  author={Kadian, Poonam and Arora, Shiafali M and Arora, Nidhi},
  journal={Wireless Personal Communications},
  volume={118},
  pages={3225--3249},
  year={2021},
  publisher={Springer}
}

@article{ernawan2020block,
  title={A block-based RDWT-SVD image watermarking method using human visual system characteristics},
  author={Ernawan, Ferda and Kabir, Muhammad Nomani},
  journal={The visual computer},
  volume={36},
  number={1},
  pages={19--37},
  year={2020},
  publisher={Springer}
}

@article{begum2020digital,
  title={Digital image watermarking techniques: a review},
  author={Begum, Mahbuba and Uddin, Mohammad Shorif},
  journal={Information},
  volume={11},
  number={2},
  pages={110},
  year={2020},
  publisher={MDPI}
}

@article{luo2023dvmark,
  title={DVMark: a deep multiscale framework for video watermarking},
  author={Luo, Xiyang and Li, Yinxiao and Chang, Huiwen and Liu, Ce and Milanfar, Peyman and Yang, Feng},
  journal={IEEE Transactions on Image Processing},
  year={2023},
  publisher={IEEE}
}

@misc{chen2023likelihood,
      title={Likelihood Training of Schrödinger Bridge using Forward-Backward SDEs Theory}, 
      author={Tianrong Chen and Guan-Horng Liu and Evangelos A. Theodorou},
      year={2023},
      eprint={2110.11291},
      archivePrefix={arXiv},
      primaryClass={stat.ML}
}

@article{wei2023visual,
  title={Visual Watermark Removal Based on Deep Learning},
  author={Wei, Rongfeng},
  journal={arXiv preprint arXiv:2302.11338},
  year={2023}
}

@inproceedings{sun2021detect,
  title={Detect and remove watermark in deep neural networks via generative adversarial networks},
  author={Sun, Shichang and Wang, Haoqi and Xue, Mingfu and Zhang, Yushu and Wang, Jian and Liu, Weiqiang},
  booktitle={Information Security: 24th International Conference, ISC 2021, Virtual Event, November 10--12, 2021, Proceedings 24},
  pages={341--357},
  year={2021},
  organization={Springer}
}

@inproceedings{liu2021wdnet,
  title={Wdnet: Watermark-decomposition network for visible watermark removal},
  author={Liu, Yang and Zhu, Zhen and Bai, Xiang},
  booktitle={Proceedings of the IEEE/CVF Winter Conference on Applications of Computer Vision},
  pages={3685--3693},
  year={2021}
}

@inproceedings{zhang2021blind,
  title={A blind watermarking system based on deep learning model},
  author={Zhang, Lichao and Li, Wangbin and Ye, Hailiang},
  booktitle={2021 IEEE 20th International Conference on Trust, Security and Privacy in Computing and Communications (TrustCom)},
  pages={1208--1213},
  year={2021},
  organization={IEEE}
}

@book{brzezniak2000basic,
  title={Basic stochastic processes: a course through exercises},
  author={Brzezniak, Zdzislaw and Zastawniak, Tomasz},
  year={2000},
  publisher={Springer Science \& Business Media}
}

@misc{liu2023i2sb,
      title={I$^2$SB: Image-to-Image Schrödinger Bridge}, 
      author={Guan-Horng Liu and Arash Vahdat and De-An Huang and Evangelos A. Theodorou and Weili Nie and Anima Anandkumar},
      year={2023},
      eprint={2302.05872},
      archivePrefix={arXiv},
      primaryClass={cs.CV}
}

@book{tao2011introduction,
  title={An introduction to measure theory},
  author={Tao, Terence},
  volume={126},
  year={2011},
  publisher={American Mathematical Soc.}
}

@inproceedings{liu2015faceattributes,
  title = {Deep Learning Face Attributes in the Wild},
  author = {Liu, Ziwei and Luo, Ping and Wang, Xiaogang and Tang, Xiaoou},
  booktitle = {Proceedings of International Conference on Computer Vision (ICCV)},
  month = {12},
  year = {2015} 
}

@article{ho2020denoising,
  title={Denoising diffusion probabilistic models},
  author={Ho, Jonathan and Jain, Ajay and Abbeel, Pieter},
  journal={Advances in neural information processing systems},
  volume={33},
  pages={6840--6851},
  year={2020}
}

@article{song2020denoising,
  title={Denoising diffusion implicit models},
  author={Song, Jiaming and Meng, Chenlin and Ermon, Stefano},
  journal={arXiv preprint arXiv:2010.02502},
  year={2020}
}

@inproceedings{wang2023binary,
  title={Binary Latent Diffusion},
  author={Wang, Ze and Wang, Jiang and Liu, Zicheng and Qiu, Qiang},
  booktitle={Proceedings of the IEEE/CVF Conference on Computer Vision and Pattern Recognition},
  pages={22576--22585},
  year={2023}
}

@article{reddy2016simulating,
  title={Simulating stock prices using geometric Brownian motion: Evidence from Australian companies},
  author={Reddy, Krishna and Clinton, Vaughan},
  journal={Australasian Accounting, Business and Finance Journal},
  volume={10},
  number={3},
  pages={23--47},
  year={2016}
}

@inproceedings{welling2011bayesian,
  title={Bayesian learning via stochastic gradient Langevin dynamics},
  author={Welling, Max and Teh, Yee W},
  booktitle={Proceedings of the 28th international conference on machine learning (ICML-11)},
  pages={681--688},
  year={2011}
}

@article{vincent2011connection,
  title={A connection between score matching and denoising autoencoders},
  author={Vincent, Pascal},
  journal={Neural computation},
  volume={23},
  number={7},
  pages={1661--1674},
  year={2011},
  publisher={MIT Press}
}

@book{evans2012introduction,
  title={An introduction to stochastic differential equations},
  author={Evans, Lawrence C},
  volume={82},
  year={2012},
  publisher={American Mathematical Soc.}
}

@article{anderson1982reverse,
  title={Reverse-time diffusion equation models},
  author={Anderson, Brian DO},
  journal={Stochastic Processes and their Applications},
  volume={12},
  number={3},
  pages={313--326},
  year={1982},
  publisher={Elsevier}
}

@article{huang2004attacking,
  title={Attacking visible watermarking schemes},
  author={Huang, Chun-Hsiang and Wu, Ja-Ling},
  journal={IEEE transactions on multimedia},
  volume={6},
  number={1},
  pages={16--30},
  year={2004},
  publisher={IEEE}
}

@inproceedings{Yu:2018uw,
  title={Free-form image inpainting with gated convolution},
  author={Yu, Jiahui and Lin, Zhe and Yang, Jimei and Shen, Xiaohui and Lu, Xin and Huang, Thomas S},
  booktitle={Proceedings of the IEEE International Conference on Computer Vision (ICCV)},
  pages={4471--4480},
  year={2019}
}

@article{saharia2022image,
  title={Image super-resolution via iterative refinement},
  author={Saharia, Chitwan and Ho, Jonathan and Chan, William and Salimans, Tim and Fleet, David J and Norouzi, Mohammad},
  journal={IEEE Transactions on Pattern Analysis and Machine Intelligence},
  volume={45},
  number={4},
  pages={4713--4726},
  year={2022},
  publisher={IEEE}
}

@inproceedings{saharia2022palette,
  title={Palette: Image-to-image diffusion models},
  author={Saharia, Chitwan and Chan, William and Chang, Huiwen and Lee, Chris and Ho, Jonathan and Salimans, Tim and Fleet, David and Norouzi, Mohammad},
  booktitle={ACM SIGGRAPH 2022 Conference Proceedings},
  pages={1--10},
  year={2022}
}

@inproceedings{sohl2015deep,
  title={Deep unsupervised learning using nonequilibrium thermodynamics},
  author={Sohl-Dickstein, Jascha and Weiss, Eric and Maheswaranathan, Niru and Ganguli, Surya},
  booktitle={International conference on machine learning},
  pages={2256--2265},
  year={2015},
  organization={PMLR}
}

@inproceedings{rombach2022high,
  title={High-resolution image synthesis with latent diffusion models},
  author={Rombach, Robin and Blattmann, Andreas and Lorenz, Dominik and Esser, Patrick and Ommer, Bj{ö}rn},
  booktitle={Proceedings of the IEEE/CVF conference on computer vision and pattern recognition},
  pages={10684--10695},
  year={2022}
}

@misc{vahdat2021score,
  title={Score-based Generative Modeling in Latent Space. arxiv},
  author={Vahdat, A and Kreis, K and Kautz, J},
  year={2021}
}

@article{wang2022zero,
  title={Zero-shot image restoration using denoising diffusion null-space model},
  author={Wang, Yinhuai and Yu, Jiwen and Zhang, Jian},
  journal={arXiv preprint arXiv:2212.00490},
  year={2022}
}

@inproceedings{zhu2023denoising,
  title={Denoising Diffusion Models for Plug-and-Play Image Restoration},
  author={Zhu, Yuanzhi and Zhang, Kai and Liang, Jingyun and Cao, Jiezhang and Wen, Bihan and Timofte, Radu and Van Gool, Luc},
  booktitle={Proceedings of the IEEE/CVF Conference on Computer Vision and Pattern Recognition},
  pages={1219--1229},
  year={2023}
}

@inproceedings{yu2018generative,
  title={Generative image inpainting with contextual attention},
  author={Yu, Jiahui and Lin, Zhe and Yang, Jimei and Shen, Xiaohui and Lu, Xin and Huang, Thomas S},
  booktitle={Proceedings of the IEEE Conference on Computer Vision and Pattern Recognition (CVPR)},
  pages={5505--5514},
  year={2018}
}

@inproceedings{liu2018image,
  title={Image inpainting for irregular holes using partial convolutions},
  author={Liu, Guilin and Reda, Fitsum A and Shih, Kevin J and Wang, Ting-Chun and Tao, Andrew and Catanzaro, Bryan},
  booktitle={Proceedings of the European Conference on Computer Vision (ECCV)},
  pages={85--100},
  year={2018}
}

@article{vargas2021solving,
  title={Solving Schrödinger bridges via maximum likelihood},
  author={Vargas, Francisco and Thodoroff, Pierre and Lamacraft, Austen and Lawrence, Neil},
  journal={Entropy},
  volume={23},
  number={9},
  pages={1134},
  year={2021},
  publisher={MDPI}
}

@misc{huang2018multimodal,
      title={Multimodal Unsupervised Image-to-Image Translation}, 
      author={Xun Huang and Ming-Yu Liu and Serge Belongie and Jan Kautz},
      year={2018},
      eprint={1804.04732},
      archivePrefix={arXiv},
      primaryClass={cs.CV}
}
@article{chen2021stochastic,
  title={Stochastic control liaisons: Richard sinkhorn meets gaspard monge on a Schrödinger bridge},
  author={Chen, Yongxin and Georgiou, Tryphon T and Pavon, Michele},
  journal={Siam Review},
  volume={63},
  number={2},
  pages={249--313},
  year={2021},
  publisher={SIAM}
}

@inproceedings{fernandes2021shooting,
  title={Shooting Schr{ö}dinger’s cat},
  author={Fernandes, David Lopes and Vargas, Francisco and Ek, Carl Henrik and Campbell, Neill DF},
  booktitle={Fourth Symposium on Advances in Approximate Bayesian Inference},
  year={2022}
}

@article{de2021diffusion,
              title={Diffusion Schr$\backslash$" odinger Bridge with Applications to Score-Based Generative Modeling},
              author={De Bortoli, Valentin and Thornton, James and Heng, Jeremy and Doucet, Arnaud},
              journal={arXiv preprint arXiv:2106.01357},
              year={2021}
            }

@misc{zhu2017unpaired,
      title={Unpaired Image-to-Image Translation using Cycle-Consistent Adversarial Networks}, 
      author={Jun-Yan Zhu and Taesung Park and Phillip Isola and Alexei A. Efros},
      year={2020},
      eprint={1703.10593},
      archivePrefix={arXiv},
      primaryClass={cs.CV}
}

@article{karras2022elucidating,
  title={Elucidating the design space of diffusion-based generative models},
  author={Karras, Tero and Aittala, Miika and Aila, Timo and Laine, Samuli},
  journal={Advances in Neural Information Processing Systems},
  volume={35},
  pages={26565--26577},
  year={2022}
}

@article{heusel2017gans,
  title={Gans trained by a two time-scale update rule converge to a local nash equilibrium},
  author={Heusel, Martin and Ramsauer, Hubert and Unterthiner, Thomas and Nessler, Bernhard and Hochreiter, Sepp},
  journal={Advances in neural information processing systems},
  volume={30},
  year={2017}
}

@book{oksendal2013stochastic,
  title={Stochastic differential equations: an introduction with applications},
  author={Oksendal, Bernt},
  year={2013},
  publisher={Springer Science \& Business Media}
}

@inproceedings{he2016deep,
  title={Deep residual learning for image recognition},
  author={He, Kaiming and Zhang, Xiangyu and Ren, Shaoqing and Sun, Jian},
  booktitle={Proceedings of the IEEE Conference on Computer Vision and Pattern Recognition (CVPR)},
  pages={770--778},
  year={2016}
}

@article{pei2006novel,
  title={A novel image recovery algorithm for visible watermarked images},
  author={Pei, Soo-Chang and Zeng, Yi-Chong},
  journal={IEEE Transactions on Information Forensics and Security},
  volume={1},
  number={4},
  pages={543--550},
  year={2006},
  publisher={IEEE}
}

@inproceedings{gandelsman2019double,
  title={double-dip”: Unsupervised image decomposition via coupled deep-image-priors},
  author={Gandelsman, Yossi and Shocher, Assaf and Irani, Michal},
  booktitle={The IEEE Conference on Computer Vision and Pattern Recognition (CVPR)},
  volume={6},
  pages={2},
  year={2019}
}


@inproceedings{cheng2018large,
  title={Large-scale visible watermark detection and removal with deep convolutional networks},
  author={Cheng, Danni and Li, Xiang and Li, Wei-Hong and Lu, Chan and Li, Fake and Zhao, Hua and Zheng, Wei-Shi},
  booktitle={Chinese Conference on Pattern Recognition and Computer Vision (PRCV)},
  pages={27--40},
  year={2018},
  organization={Springer}
}

@inproceedings{Isola2017,
author = {Isola, Phillip and Zhu, Jun Yan and Zhou, Tinghui and Efros, Alexei A.},
booktitle = {Proceedings of the IEEE Conference on Computer Vision and Pattern Recognition},
pages = {5967--5976},
title = {{Image-to-image translation with conditional adversarial networks}},
year = {2017}
}


@inproceedings{li2019towards,
  title={Towards Photo-Realistic Visible Watermark Removal with Conditional Generative Adversarial Networks},
  author={Li, Xiang and Lu, Chan and Cheng, Danni and Li, Wei-Hong and Cao, Mei and Liu, Bo and Ma, Jiechao and Zheng, Wei-Shi},
  booktitle={International Conference on Image and Graphics},
  pages={345--356},
  year={2019},
  organization={Springer}
}

@inproceedings{hertz2019blind,
  title={Blind visual motif removal from a single image},
  author={Hertz, Amir and Fogel, Sharon and Hanocka, Rana and Giryes, Raja and Cohen-Or, Daniel},
  booktitle={Proceedings of the IEEE Conference on Computer Vision and Pattern Recognition (CVPR)},
  pages={6858--6867},
  year={2019}
}


@inproceedings{dekel2017effectiveness,
  title={On the effectiveness of visible watermarks},
  author={Dekel, Tali and Rubinstein, Michael and Liu, Ce and Freeman, William T},
  booktitle={Proceedings of the IEEE Conference on Computer Vision and Pattern Recognition (CVPR)},
  pages={2146--2154},
  year={2017}
}

@inproceedings{park2012identigram,
  title={Identigram/watermark removal using cross-channel correlation},
  author={Park, Jaesik and Tai, Yu-Wing and Kweon, In So},
  booktitle={IEEE Conference on Computer Vision and Pattern Recognition (CVPR)},
  pages={446--453},
  year={2012},
  organization={IEEE}
}

@book{schilling2017measures,
  title={Measures, integrals and martingales},
  author={Schilling, Ren{\'e} L},
  year={2017},
  publisher={Cambridge University Press}
}

@article{tao2014robust,
  title={Robust image watermarking theories and techniques: A review},
  author={Tao, Hai and Chongmin, Li and Zain, Jasni Mohamad and Abdalla, Ahmed N},
  journal={Journal of applied research and technology},
  volume={12},
  number={1},
  pages={122--138},
  year={2014},
  publisher={Universidad Nacional Aut{\'o}noma de M{\'e}xico, Instituto de Ciencias Aplicadas y~…}
}

@misc{chen2021likelihood,
      title={Likelihood Training of Schrödinger Bridge using Forward-Backward SDEs Theory}, 
      author={Tianrong Chen and Guan-Horng Liu and Evangelos A. Theodorou},
      year={2023},
      eprint={2110.11291},
      archivePrefix={arXiv},
      primaryClass={stat.ML}
}

@article{goodfellow2014generative,
  title={Generative adversarial nets},
  author={Goodfellow, Ian and Pouget-Abadie, Jean and Mirza, Mehdi and Xu, Bing and Warde-Farley, David and Ozair, Sherjil and Courville, Aaron and Bengio, Yoshua},
  journal={Advances in neural information processing systems},
  volume={27},
  year={2014}
}

@article{hinton2006reducing,
  title={Reducing the dimensionality of data with neural networks},
  author={Hinton, Geoffrey E and Salakhutdinov, Ruslan R},
  journal={science},
  volume={313},
  number={5786},
  pages={504--507},
  year={2006},
  publisher={American Association for the Advancement of Science}
}

@article{cox2007digital,
  title={Digital Watermarking and Steganography},
  author={Cox, IJ},
  journal={Morgan Kaufmann google schola},
  volume={2},
  pages={893--914},
  year={2007}
}

@article{song2020score,
  title={Score-based generative modeling through stochastic differential equations},
  author={Song, Yang and Sohl-Dickstein, Jascha and Kingma, Diederik P and Kumar, Abhishek and Ermon, Stefano and Poole, Ben},
  journal={arXiv preprint arXiv:2011.13456},
  year={2020}
}

@inproceedings{yu2013new,
  title={A new visible watermarking technique applied to CMOS image sensor},
  author={Yu, Pingping and Shang, Yan and Li, Chunming},
  booktitle={MIPPR 2013: Multispectral Image Acquisition, Processing, and Analysis},
  volume={8917},
  pages={301--307},
  year={2013},
  organization={SPIE}
}


@article{dhariwal2021diffusion,
  title={Diffusion models beat gans on image synthesis},
  author={Dhariwal, Prafulla and Nichol, Alexander},
  journal={Advances in neural information processing systems},
  volume={34},
  pages={8780--8794},
  year={2021}
}

@book{bishop2006pattern,
  title={Pattern recognition and machine learning},
  author={Bishop, Christopher M and Nasrabadi, Nasser M},
  volume={4},
  number={4},
  year={2006},
  publisher={Springer}
}
@article{2024swcnn,
   title={A self-supervised CNN for image watermark removal},
   author={Tian, Chunwei and Zheng, Menghua and Jiao, Tiancai and Zuo, Wangmeng and Zhang, Yanning and Lin, Chia-Wen},
   journal={IEEE Transactions on Circuits and Systems for Video Technology},
  year={2024},
 publisher={IEEE}
}



@article{zhang2018ffdnet,
  title={FFDNet: Toward a fast and flexible solution for CNN-based image denoising},
  author={Zhang, Kai and Zuo, Wangmeng and Zhang, Lei},
  journal={IEEE Transactions on Image Processing},
  volume={27},
  number={9},
  pages={4608--4622},
  year={2018},
  publisher={IEEE}
}

@inproceedings{ulyanov2018deep,
  title={Deep image prior},
  author={Ulyanov, Dmitry and Vedaldi, Andrea and Lempitsky, Victor},
  booktitle={Proceedings of the IEEE conference on computer vision and pattern recognition},
  pages={9446--9454},
  year={2018}
}

@inproceedings{yu2018generative,
  title={Generative image inpainting with contextual attention},
  author={Yu, Jiahui and Lin, Zhe and Yang, Jimei and Shen, Xiaohui and Lu, Xin and Huang, Thomas S},
  booktitle={Proceedings of the IEEE conference on computer vision and pattern recognition},
  pages={5505--5514},
  year={2018}
}

@article{zhang2017beyond,
  title={Beyond a gaussian denoiser: Residual learning of deep cnn for image denoising},
  author={Zhang, Kai and Zuo, Wangmeng and Chen, Yunjin and Meng, Deyu and Zhang, Lei},
  journal={IEEE transactions on image processing},
  volume={26},
  number={7},
  pages={3142--3155},
  year={2017},
  publisher={IEEE}
}

@article{deng2019drd,
  title={DRD-Net: Detail-recovery image deraining via context aggregation networks},
  author={Deng, Sen and Wei, Mingqiang and Wang, Jun and Liang, Luming and Xie, Haoran and Wang, Meng},
  journal={arXiv preprint arXiv:1908.10267},
  year={2019}
}

@article{wang2020fastderainnet,
  title={Fastderainnet: A deep learning algorithm for single image deraining},
  author={Wang, Xiuwen and Li, Zhiwei and Shan, Hongtao and Tian, Zhiyuan and Ren, Yuanhong and Zhou, Wuneng},
  journal={IEEE Access},
  volume={8},
  pages={127622--127630},
  year={2020},
  publisher={IEEE}
}

@article{sun2021efficient,
  title={Efficient attention fusion network in wavelet domain for demoireing},
  author={Sun, Chunyun and Lai, Huicheng and Wang, Liejun and Jia, Zhenghong},
  journal={IEEE Access},
  volume={9},
  pages={53392--53400},
  year={2021},
  publisher={IEEE}
}
@inproceedings{li2023diffwa,
  title={Diffwa: Diffusion models for watermark attack},
  author={Li, Xinyu},
  booktitle={2023 International Conference on Integrated Intelligence and Communication Systems (ICIICS)},
  pages={1--8},
  year={2023},
  organization={IEEE}
}

@article{wu2019fastfcn,
  title={Fastfcn: Rethinking dilated convolution in the backbone for semantic segmentation},
  author={Wu, Huikai and Zhang, Junge and Huang, Kaiqi and Liang, Kongming and Yu, Yizhou},
  journal={arXiv preprint arXiv:1903.11816},
  year={2019}
}

@inproceedings{takikawa2019gated,
  title={Gated-scnn: Gated shape cnns for semantic segmentation},
  author={Takikawa, Towaki and Acuna, David and Jampani, Varun and Fidler, Sanja},
  booktitle={Proceedings of the IEEE/CVF international conference on computer vision},
  pages={5229--5238},
  year={2019}
}

@inproceedings{girshick2015fast,
  title={Fast r-cnn},
  author={Girshick, Ross},
  booktitle={Proceedings of the IEEE international conference on computer vision},
  pages={1440--1448},
  year={2015}
}

@inproceedings{girshick2014rich,
  title={Rich feature hierarchies for accurate object detection and semantic segmentation},
  author={Girshick, Ross and Donahue, Jeff and Darrell, Trevor and Malik, Jitendra},
  booktitle={Proceedings of the IEEE conference on computer vision and pattern recognition},
  pages={580--587},
  year={2014}
}

@article{ren2016faster,
  title={Faster R-CNN: Towards real-time object detection with region proposal networks},
  author={Ren, Shaoqing and He, Kaiming and Girshick, Ross and Sun, Jian},
  journal={IEEE transactions on pattern analysis and machine intelligence},
  volume={39},
  number={6},
  pages={1137--1149},
  year={2016},
  publisher={IEEE}
}

@inproceedings{redmon2016you,
  title={You only look once: Unified, real-time object detection},
  author={Redmon, Joseph and Divvala, Santosh and Girshick, Ross and Farhadi, Ali},
  booktitle={Proceedings of the IEEE conference on computer vision and pattern recognition},
  pages={779--788},
  year={2016}
}

@inproceedings{lin2017focal,
  title={Focal loss for dense object detection},
  author={Lin, Tsung-Yi and Goyal, Priya and Girshick, Ross and He, Kaiming and Doll{\'a}r, Piotr},
  booktitle={Proceedings of the IEEE international conference on computer vision},
  pages={2980--2988},
  year={2017}
}

@inproceedings{carion2020end,
  title={End-to-end object detection with transformers},
  author={Carion, Nicolas and Massa, Francisco and Synnaeve, Gabriel and Usunier, Nicolas and Kirillov, Alexander and Zagoruyko, Sergey},
  booktitle={European conference on computer vision},
  pages={213--229},
  year={2020},
  organization={Springer}
}

@inproceedings{phung2023wavelet,
  title={Wavelet diffusion models are fast and scalable image generators},
  author={Phung, Hao and Dao, Quan and Tran, Anh},
  booktitle={Proceedings of the IEEE/CVF Conference on Computer Vision and Pattern Recognition},
  pages={10199--10208},
  year={2023}
}

@inproceedings{radford2021learning,
  title={Learning transferable visual models from natural language supervision},
  author={Radford, Alec and Kim, Jong Wook and Hallacy, Chris and Ramesh, Aditya and Goh, Gabriel and Agarwal, Sandhini and Sastry, Girish and Askell, Amanda and Mishkin, Pamela and Clark, Jack and others},
  booktitle={International conference on machine learning},
  pages={8748--8763},
  year={2021},
  organization={PMLR}
}